@BOOK{Lamport,
  AUTHOR =       "L. Lamport",
  TITLE =        "\LaTeX, A Document Preparation System: User's Guide And Reference Manual",
  PUBLISHER =    "Pearson Professional Education",
  YEAR =         "1994",
  address =      "New York",
}

@BOOK{Goossens,
  AUTHOR =       "M. Goossens and F. Mittelbach and A. Samarin",
  TITLE =        "The \LaTeX\ Companion",
  PUBLISHER =    "Addison-Wesley",
  YEAR =         "1994",
  OPTaddress =      "",
  OPTedition =      "",
  isbn =         "0201541998",
}

@article{Nicolas,
    author =       "Docquier N, Candel S",
    title =        "Combustion control and sensors: a review",
    journal =      "Progress in Energy and Combustion Science",
    volume =       "28",
    number =       "",
    pages =        "107-150",
    year =         "2002",
    month =        "",
    DOI =          ""
}

@article{Richards,
    author =       "G.A. Richards, M.M McMillian, R.S. Gemmen, W.A. Rogers, S.R. Cully",
    title =        "Issues for low-emission, fuel-flexible power systems",
    journal =      "Progress in Energy and Combustion Science",
    volume =       "27",
    number =       "",
    pages =        "141-169",
    year =         "2001",
    month =        "",
    DOI =          ""
}

@BOOK{USdepartment,
  AUTHOR =       "US Department of Energy",
  TITLE =        "Industrial Combustion Technology Roadmap - A Technology Roadmap by and for the Industrial Combustion Community",
  PUBLISHER =    "",
  MONTH =        "October",
  YEAR =         "2002",
  OPTaddress =      "",
  OPTedition =      "",
  isbn =         "",
}

@article{DISIRE1,
    author =       "J. Johansson (LTU), J. Borg (LTU), I. M.Cassissa (D'Appolonia)",
    title =        "Integrated Process Control Based on Distributed In-Situ
Sensors into Raw Materials and Energy",
    journal =      "Sensor technology selection report",
    volume =       "D",
    number =       "3.1",
    pages =        "32 pages",
    year =         "2015",
    month =        "October",
    DOI =          ""
}

@article{DISIRE2,
    author =       "J. Johansson (LTU), J. Borg (LTU), J. Rajala (ETEC)",
    title =        "Integrated Process Control Based on Distributed In-Situ
Sensors into Raw Materials and Energy",
    journal =      "Small scale validation report",
    volume =       "D",
    number =       "3.2",
    pages =        "26 pages",
    year =         "2016",
    month =        "June",
    DOI =          ""
}

@misc{KGZ10,
  author={Honeywell},
  title={KGZ-10 Series},
  howpublished = "\url{http://www.mouser.com/ds/2/187/honeywell-sensing-kgz10%20series-oxygen-sensors-prod-959181.pdf}",
  note ={last checked: 2017-06-21},
  publisher={Honeywell International},
  year={2011},
  month={February},
}

@misc{INA826,
  author={Texas Instruments},
  title={Precision, 200-$\mu$A Supply Current, 2.7-V to 36-V Supply Instrumentation Amplifier with Rail-to-Rail Output},
  howpublished = "\url{http://www.ti.com/lit/ds/symlink/ina826.pdf}",
  note ={last checked: 2017-06-21},
  publisher={Texas Instruments},
  year={2016},
  month={July}
}

@misc{LSU49,
  author={BOSCH},
  title={Planar Wide Band Lambda Sensor},
  howpublished = {\url{https://www.ecotrons.com/files/Bosch_LSU49_Tech_Info.pdf}},
  note ={last checked: 2017-06-21},
  publisher={BOSCH},
  year={2005},
  month={June}
}


@article{Exhaust,
    author =       "J. Riegel, H. Neumann, H-M Wiedenmann",
    title =        "Exhaust gas sensors for automotive emission control",
    journal =      "Solid State Ionics",
    volume =       "",
    number =       "",
    pages =        "",
    year =         "2002",
    month =        "March",
    DOI =          "\url{http://www.sciencedirect.com/science/article/pii/S0167273802003296}"
}


@article{BOSCH,
    author =       "Bosch",
    title =        "The first oxygen sensor developed by Bosch was installed in a Volvo 240/260 series vehicle 25 years ago.",
    journal =      "Service Tech Magazine",
    volume =       "",
    number =       "",
    pages =        "",
    year =         "2001",
    month =        "May",
    DOI =          "\url{http://wbo2.com/lsu/oxygen13-17.pdf}"
}


@misc{AD5622,
  author={Analog Devices},
  title={2.7 \text{V} to 5.5 \text{V}, $<$100 $\mu$\text{A}, 8-/10-/12-Bit nano \text{DAC}s with \text{I2C} Compatible Interface in \text{LFCSP} and \text{SC70}},
  howpublished = "\url{http://www.analog.com/media/en/technical-documentation/data-sheets/AD5602_5612_5622.pdf}",
  note ={last checked: 2017-06-21},
  publisher={Analog Devices},
  year={2015},
  month={}
}


@misc{TLH-2450,
  author={Tadiran Lithium Batteries},
  title={MODEL \text{TLH}-2450},
  howpublished = "\url{http://www.tadiranbat.com/assets/tlh-2450.pdf}",
  note ={last checked: 2017-06-21},
  publisher={Tadiran Lithim Batteries},
  year={2011},
  month={February}
}


@misc{PIC18,
  author={Microchip},
  title={\text{28/40/44-Pin,} \text{Low-Power,} \text{High-Performance} 
\text{Microcontrollers} \text{with} \text{XLP} \text{Technology}},
  howpublished = "\url{http://ww1.microchip.com/downloads/en/DeviceDoc/40001412G.pdf}",
  note ={last checked: 2017-06-21},
  publisher={Microchip Technology Inc},
  year={2016},
  month={}
}


@misc{ICD3,
  author={Microchip},
  title={\text{MPLAB ICD 3 In-Circuit Debugger User's Guide}},
  howpublished = "\url{http://ww1.microchip.com/downloads/en/DeviceDoc/50002081B.pdf}",
  note ={last checked: 2017-06-21},
  publisher={Microchip Technology Inc},
  year={2014},
  month={}
}


@misc{MPLAB,
  author = {{Microchip Technology Inc.}},
  title = {\text{MPLAB} \text{X} \text{Integrated} \text{Development} \text{Environment} \text{(IDE)}},
  howpublished = "\url{http://www.microchip.com/mplab/mplab-x-ide}",
  version = {v3.51},
  year = {2017},
  note ={last checked: 2017-06-21},
}


@misc{EAGLE,
  author = {Autodesk Inc},
  title = {\text{EAGLE} \text{PCB} design made easy},
  howpublished = "\url{https://www.autodesk.com/products/eagle/overview}",
  version = {6.6.0},
  year = {2014},
  note ={last checked: 2017-06-21},
}